<?xml version="1.0" encoding="UTF-8"?><collection xmlns="http://www.loc.gov/MARC21/slim"><record><leader>00616nam--2200217-u-4500</leader><controlfield tag="001">000052938</controlfield><controlfield tag="002">20161230</controlfield><controlfield tag="005">20170302100650</controlfield><controlfield tag="008">101130s1000------------r-----000-0-eng-d</controlfield><datafield ind1=" " ind2=" " tag="020"><subfield code="a">0198563612</subfield></datafield><datafield ind1=" " ind2=" " tag="040"><subfield code="a">IFIN-HH</subfield></datafield><datafield ind1=" " ind2=" " tag="080"><subfield code="a">51-7:535.14</subfield></datafield><datafield ind1="1" ind2=" " tag="100"><subfield code="a">Barnett, Stephen M</subfield></datafield><datafield ind1="1" ind2="0" tag="245"><subfield code="a">Methods in theoretical quantum optics</subfield><subfield code="c">Stephen M. Barnett; Paul M. Radmore</subfield></datafield><datafield ind1=" " ind2=" " tag="260"><subfield code="a">Oxford</subfield><subfield code="b">Calderon Press</subfield><subfield code="c">2002</subfield></datafield><datafield ind1=" " ind2=" " tag="300"><subfield code="a">284P</subfield></datafield><datafield ind1=" " ind2=" " tag="490"><subfield code="a">Oxford Series in Optical and Imaging Sciences</subfield></datafield><datafield ind1=" " ind2="0" tag="650"><subfield code="a">Mathematical Physics</subfield></datafield><datafield ind1="1" ind2=" " tag="700"><subfield code="a">Radmore, Paul M</subfield></datafield><datafield ind1=" " ind2=" " tag="852"><subfield code="a">81597</subfield><subfield code="c">535</subfield></datafield><datafield ind1=" " ind2=" " tag="CAT"><subfield code="a">SYS</subfield><subfield code="c">20170302</subfield><subfield code="h">100650</subfield></datafield></record></collection>